% مراجع ------------------------------------------------------------------------
% دستوری برای کوچک کردن اندازه فونت‌ها 
%یک مثال را در زیر می‌بینید.
@article{bidabad2007classification,
  title={A classification of some Finsler connections and their applications},
  author={Bidabad, Behroz and Tayebi, Akbar},
  journal={arXiv preprint arXiv:0710.2816},
  year={2007}
}
@book{aa,
  title={هندسه‌ی منیفلد},
  author={دکتر بهروز بیدآباد},
  publisher={دانشگاه صنعتی امیرکبیر},
  year={1389},
 LANGUAGE ={Persian}
}
